% Modeling and control of quadrotor
@article{mahony2012multirotor,
  title={Multirotor aerial vehicles: Modeling, estimation, and control of quadrotor},
  author={Mahony, Robert and Kumar, Vijay and Corke, Peter},
  journal={IEEE Robotics and Automation magazine},
  volume={19},
  number={3},
  pages={20--32},
  year={2012},
  publisher={Institute of Electrical and Electronics Engineers Inc.}
}
