% !TeX root = main.tex

% UIUC database
@misc{uiuc-database,
  author       = "et al., J.B. Brandt",
  howpublished = {\url{https://m-selig.ae.illinois.edu/props/propDB.html}},
  title        = {UIUC Propeller Database, Vols 1-3},
  note         = {Accessed: 2021-02-14}
}
% J.B. Brandt, R.W. Deters, G.K. Ananda, O.D. Dantsker, and M.S. Selig
@inproceedings{brandt2011propeller,
  title={Propeller performance data at low reynolds numbers},
  author={Brandt, John and Selig, Michael},
  booktitle={49th AIAA Aerospace Sciences Meeting including the New Horizons Forum and Aerospace Exposition},
  pages={1255},
  year={2011}
}
@misc{uiuc-data-equs,
  author       = {John B. Brandt, et al.},
  howpublished = {\url{https://m-selig.ae.illinois.edu/props/propDB.html}},
  title        = {UIUC Propeller Data Site},
  note         = {Accessed: 2021-02-16}
}
% Blog article interpreting this
@misc{aerotrash-uiuc-article,
  author       = {Guillaume},
  howpublished = {\url{http://aerotrash.over-blog.com/2015/01/apc-propeller-data-what-s-new.html}},
  title        = {APC propeller data - what's new?},
  year         = {2015},
  note         = {Accessed: 2021-02-16}
}
